<record><leader>00000cas a2200000 a 4500</leader><controlfield tag="001">5138447</controlfield><controlfield tag="008">790705d19711992mouwr ne      0   a0eng d</controlfield><datafield ind1=" " ind2=" " tag="010"><subfield code="a">sn 79003311 </subfield></datafield><datafield ind1=" " ind2=" " tag="040"><subfield code="a">NSD</subfield><subfield code="b">eng</subfield><subfield code="c">NSD</subfield><subfield code="d">MQN</subfield><subfield code="d">NSD</subfield><subfield code="d">OCL</subfield><subfield code="d">OCLCQ</subfield><subfield code="d">DLC</subfield></datafield><datafield ind1=" " ind2=" " tag="012"><subfield code="j">0</subfield><subfield code="k">1</subfield><subfield code="m">d</subfield></datafield><datafield ind1="1" ind2=" " tag="022"><subfield code="a">0193-1016</subfield><subfield code="l">0193-1016</subfield><subfield code="2">1</subfield></datafield><datafield ind1=" " ind2=" " tag="042"><subfield code="a">nsdp</subfield></datafield><datafield ind1=" " ind2="0" tag="222"><subfield code="a">Southwest Missourian</subfield></datafield><datafield ind1="0" ind2="4" tag="245"><subfield code="a">The Southwest Missourian.</subfield></datafield><datafield ind1=" " ind2=" " tag="260"><subfield code="a">[Reeds Spring, Mo. :</subfield><subfield code="b">Bette Nichols],</subfield><subfield code="c">1971-1992.</subfield></datafield><datafield ind1=" " ind2=" " tag="310"><subfield code="a">Weekly</subfield></datafield><datafield ind1="0" ind2=" " tag="362"><subfield code="a">May 6, 1971-May 20, 1971 ; vol. 1, no. 4 (May 27, 1971)-v. 21, no. 60 (Apr. 29, 1992).</subfield></datafield><datafield ind1=" " ind2=" " tag="500"><subfield code="a">Publication moved to Kimberling City, Mo., June 18, 1981.</subfield></datafield><datafield ind1=" " ind2=" " tag="515"><subfield code="a">Issues for May 6-May 20, 1971 lack numbering and publisher's block.</subfield></datafield><datafield ind1=" " ind2=" " tag="580"><subfield code="a">Merged with: Branson beacon and White River leader, and: Taney County republican, to form: Branson tri-lakes daily news.</subfield></datafield><datafield ind1=" " ind2=" " tag="752"><subfield code="a">United States</subfield><subfield code="b">Missouri</subfield><subfield code="c">Stone</subfield><subfield code="d">Kimberling City.</subfield></datafield><datafield ind1=" " ind2=" " tag="752"><subfield code="a">United States</subfield><subfield code="b">Missouri</subfield><subfield code="c">Stone</subfield><subfield code="d">Reeds Spring.</subfield></datafield><datafield ind1="1" ind2="7" tag="785"><subfield code="t">Branson beacon and White River leader</subfield><subfield code="w">(DLC)sn 89066086</subfield><subfield code="w">(OCoLC)20372024</subfield></datafield><datafield ind1="1" ind2="7" tag="785"><subfield code="t">Taney County republican</subfield><subfield code="x">2375-4524</subfield><subfield code="w">(DLC)sn 89067390</subfield><subfield code="w">(OCoLC)20537433</subfield></datafield><datafield ind1="1" ind2="7" tag="785"><subfield code="t">Branson tri-lakes daily news</subfield><subfield code="x">1063-6994</subfield><subfield code="w">(DLC)sn 92058860</subfield><subfield code="w">(OCoLC)25810301</subfield></datafield><datafield ind1=" " ind2=" " tag="936"><subfield code="a">Apr. 12, 1979</subfield></datafield></record>